@BOOK{Rum12,
  title = {{Agile Modellierung mit UML : Codegenerierung, Testf{\"a}lle, Refactoring}},
  publisher = {Springer},
  year = {2012},
  author = {Bernhard Rumpe},
  volume = {2nd Edition},
  keywords = {UML, Codegeneration, ModelBasedTesting, Refactoring, SSE}
}

@BOOK{Rum11,
  title = {{Modellierung mit UML}},
  publisher = {Springer},
  year = {2011},
  author = {Bernhard Rumpe},
  volume = {2nd Edition},
  keywords = {UML, SSE}
}

@MISC{SE10,
  title = {{Software Engineering website {\tt http://www.se-rwth.de/}}},
  year = {2010},
  month = {june},
  date = {2010-06-29},
  key = {www},
  mylabel = {www},
  timestamp = {2010.06.29}
}

@MISC{Mon10,
  title = {{MontiCore website {\tt http://monticore.org/}}},
  year = {2010},
  month = {june},
  date = {2010-06-29},
  key = {www},
  mylabel = {www},
  timestamp = {2010.06.29}
}

@article{grazioli2017simulation,
	title={Simulation Framework for Executing Component and Connector Models of Self-Driving Vehicles},
	author={Grazioli, Filippo and Kusmenko, Evgeny and Roth, Alexander and Rumpe, Bernhard and von Wenckstern, Michael},
	journal={EXE at MODELS},
	year={2017}
}

@inproceedings{koenig2004design,
	title={Design and use paradigms for gazebo, an open-source multi-robot simulator},
	author={Koenig, Nathan and Howard, Andrew},
	booktitle={Intelligent Robots and Systems, 2004.(IROS 2004). Proceedings. 2004 IEEE/RSJ International Conference on},
	volume={3},
	pages={2149--2154},
	year={2004},
	organization={IEEE}
}

@inproceedings{arellano2013trafficmodeler,
	title={TrafficModeler extensions: A case for rapid VANET simulation using, OMNET++, SUMO, and VEINS},
	author={Arellano, Wilmer and Mahgoub, Imad},
	booktitle={High Capacity Optical Networks and Enabling Technologies (HONET-CNS), 2013 10th International Conference on},
	pages={109--115},
	year={2013},
	organization={IEEE}
}
